%% This BibTeX bibliography file was created using BibDesk.
%% https://bibdesk.sourceforge.io/

%% Created for Roberta Calegari at 2021-08-25 10:57:08 +0200


%% Saved with string encoding Unicode (UTF-8)

@article{2pkt-swx16,
	author = {Ciatto, Giovanni and Calegari, Roberta and Omicini, Andrea},
	doi = {10.1016/j.softx.2021.100817},
	issn = {2352-7110},
	journal = {SoftwareX},
	keywords = {logic programming, artificial intelligence, Prolog, Kotlin, tuProlog},
	month = dec,
	pages = {100817:1--7},
	title = {{\textsf{2}P-Kt}: A Logic-Based Ecosystem for Symbolic {AI}},
	_url = {https://www.sciencedirect.com/science/article/pii/S2352711021001126},
	volume = 16,
	year = 2021}

@inproceedings{ThayseDD78,
  author    = {Andr{\'{e}} Thayse and
               Marc Davio and
               Jean{-}Pierre Deschamps},
  title     = {Optimization of multivalued decision algorithms},
  booktitle = {Proceedings of the eighth international symposium on Multiple-valued
               logic, {MVL} 1978, Rosemont, Illinois, USA, 1978},
  pages     = {171--178},
  publisher = {{IEEE} Computer Society Press},
  year      = 1978,
  url       = {http://dl.acm.org/citation.cfm?id=804202}
}

@article{VennekensDB09,
  author    = {Joost Vennekens and
               Marc Denecker and
               Maurice Bruynooghe},
  title     = {CP-logic: {A} language of causal probabilistic events and its relation
               to logic programming},
  journal   = {Theory Pract. Log. Program.},
  volume    = 9,
  number    = 3,
  pages     = {245--308},
  year      = 2009,
  _url       = {https://doi.org/10.1017/S1471068409003767},
  doi       = {10.1017/S1471068409003767}
}

@article{CostaRD12,
    author    = {V{\'{\i}}tor Santos Costa and
    Ricardo Rocha and
    Lu{\'{\i}}s Damas},
    title     = {The {YAP} Prolog system},
    journal   = {Theory Pract. Log. Program.},
    volume    = 12,
    number    = {1-2},
    pages     = {5--34},
    year      = 2012,
    _url       = {https://doi.org/10.1017/S1471068411000512},
    doi       = {10.1017/S1471068411000512}
}

@article{bryant1986graph,
	author = {Bryant, Randal E},
	date-added = {2021-08-25 10:56:55 +0200},
	date-modified = {2021-08-25 10:57:08 +0200},
	journal = {Computers, IEEE Transactions on},
	number = 8,
	pages = {677--691},
	publisher = {IEEE},
	title = {Graph-based algorithms for boolean function manipulation},
	volume = 100,
	year = 1986}

@book{riguzzi2018,
	address = {Gistrup, Denmark},
	author = {Fabrizio Riguzzi},
	e-isbn = {9788770220170},
	isbn = {9788770220187},
	publisher = {River Publishers},
	title = {Foundations of Probabilistic Logic Programming},
	url = {http://www.riverpublishers.com/book\_details.php?book\_id=660},
	year = 2018,
	Bdsk-Url-1 = {http://www.riverpublishers.com/book%5C_details.php?book%5C_id=660}}

@book{boole-1854,
	address = {London},
	author = {Boole, George},
	biburl = {https://www.bibsonomy.org/bibtex/2de6a2f8506b8124dd78fcc1939a865ef/voj},
	interhash = {f9366bacf7ff66f4351557189eb2a4e0},
	intrahash = {de6a2f8506b8124dd78fcc1939a865ef},
	keywords = {logic},
	publisher = {Walton and Maberly},
	title = {An Investigation of the Laws of Thought on Which are Founded the Mathematical Theories of Logic and Probabilities},
	year = 1854}

@article{darwiche2002knowledge,
	author = {Darwiche, Adnan and Marquis, Pierre},
	journal = {Journal of Artificial Intelligence Research},
	pages = {229--264},
	title = {A knowledge compilation map},
	volume = 17,
	year = 2002,
    doi = {10.1613/jair.989}}

@inproceedings{sato1995,
	author = {Taisuke Sato},
	booktitle = {Logic Programming, Proceedings of the Twelfth International Conference on Logic Programming, Tokyo, Japan, June 13-16},
	editor = {Leon Sterling},
	pages = {715--729},
	publisher = {{MIT} Press},
	title = {A Statistical Learning Method for Logic Programs with Distribution Semantics},
	year = 1995}

@book{horwich2016probability,
	author = {Horwich, Paul},
	publisher = {Cambridge University Press},
	title = {Probability and evidence},
	year = 2016,
    doi = {10.1017/CBO9781316494219},
    isbn = {9781316494219}}

@article{ng1992probabilistic,
	author = {Ng, Raymond and Subrahmanian, Venkatramanan Siva},
	journal = {Information and computation},
	number = 2,
	pages = {150--201},
	publisher = {Elsevier},
	title = {Probabilistic logic programming},
	volume = 101,
    doi = {10.1016/0890-5401(92)90061-J},
	year = 1992}

@inproceedings{vennekens-2004,
	author = {Joost Vennekens and Sofie Verbaeten and Maurice Bruynooghe},
	bibsource = {dblp computer science bibliography, https://dblp.org},
	biburl = {https://dblp.org/rec/conf/iclp/VennekensVB04.bib},
	booktitle = {Logic Programming, 20th International Conference, {ICLP} 2004, Saint-Malo, France, September 6-10, 2004, Proceedings},
	doi = {10.1007/978-3-540-27775-0\_30},
	editor = {Bart Demoen and Vladimir Lifschitz},
	pages = {431--445},
	publisher = {Springer},
	series = {Lecture Notes in Computer Science},
	timestamp = {Tue, 14 May 2019 10:00:48 +0200},
	title = {Logic Programs with Annotated Disjunctions},
	_url = {https://doi.org/10.1007/978-3-540-27775-0\_30},
	volume = 3132,
	year = 2004,
	Bdsk-Url-1 = {https://doi.org/10.1007/978-3-540-27775-0%5C_30}}

@article{kimmig2011implementation,
	author = {Kimmig, Angelika and Demoen, Bart and De Raedt, Luc and Costa, Vitor Santos and Rocha, Ricardo},
	journal = {Theory and Practice of Logic Programming},
	number = {2--3},
	pages = {235--262},
	publisher = {Cambridge University Press},
	title = {On the implementation of the probabilistic logic programming language ProbLog},
	volume = 11,
    doi = {10.1017/S1471068410000566},
	year = 2011}

@inproceedings{de-raedt-2007,
	author = {De Raedt, Luc and Kimmig, Angelika and Toivonen, Hannu},
	bibsource = {dblp computer science bibliography, https://dblp.org},
	biburl = {https://dblp.org/rec/conf/ijcai/RaedtKT07.bib},
	booktitle = {{IJCAI} 2007, Proceedings of the 20th International Joint Conference on Artificial Intelligence, Hyderabad, India, January 6-12},
	editor = {Manuela M. Veloso},
	pages = {2462--2467},
	title = {ProbLog: {A} Probabilistic Prolog and Its Application in Link Discovery},
	url = {http://ijcai.org/Proceedings/07/Papers/396.pdf},
	year = 2007,
	Bdsk-Url-1 = {http://ijcai.org/Proceedings/07/Papers/396.pdf}}

@inproceedings{sato-1997,
	author = {Taisuke Sato and Yoshitaka Kameya},
	bibsource = {dblp computer science bibliography, https://dblp.org},
	biburl = {https://dblp.org/rec/conf/ijcai/SatoK97.bib},
	booktitle = {Proceedings of the Fifteenth International Joint Conference on Artificial Intelligence, {IJCAI} 97, Nagoya, Japan, August 23-29, 2 Volumes},
	pages = {1330--1339},
	publisher = {Morgan Kaufmann},
	title = {{PRISM:} {A} Language for Symbolic-Statistical Modeling},
	url = {http://ijcai.org/Proceedings/97-2/Papers/078.pdf},
	year = 1997,
	Bdsk-Url-1 = {http://ijcai.org/Proceedings/97-2/Papers/078.pdf}}

@inproceedings{riguzzi-2007,
	author = {Fabrizio Riguzzi},
	bibsource = {dblp computer science bibliography, https://dblp.org},
	biburl = {https://dblp.org/rec/conf/aiia/Riguzzi07.bib},
	booktitle = {AI*IA 2007: Artificial Intelligence and Human-Oriented Computing, 10th Congress of the Italian Association for Artificial Intelligence, Rome, Italy, September 10-13, 2007, Proceedings},
	doi = {10.1007/978-3-540-74782-6\_11},
	editor = {Roberto Basili and Maria Teresa Pazienza},
	pages = {109--120},
	publisher = {Springer},
	series = {Lecture Notes in Computer Science},
	title = {A Top Down Interpreter for {LPAD} and CP-Logic},
	_url = {https://doi.org/10.1007/978-3-540-74782-6\_11},
	volume = 4733,
	year = 2007,
	Bdsk-Url-1 = {https://doi.org/10.1007/978-3-540-74782-6%5C_11}}

@article{WielemakerSTL12,
  author    = {Jan Wielemaker and
               Tom Schrijvers and
               Markus Triska and
               Torbj{\"{o}}rn Lager},
  title     = {SWI-Prolog},
  journal   = {Theory Pract. Log. Program.},
  volume    = 12,
  number    = {1-2},
  pages     = {67--96},
  year      = 2012,
  _url       = {https://doi.org/10.1017/S1471068411000494},
  doi       = {10.1017/S1471068411000494}
}

@inproceedings{riguzzi-swift-2011,
	author = {Fabrizio Riguzzi and Terrance Swift},
	bibsource = {dblp computer science bibliography, https://dblp.org},
	biburl = {https://dblp.org/rec/conf/ilp/RiguzziS11.bib},
	booktitle = {Latest Advances in Inductive Logic Programming, {ILP} 2011, Late Breaking Papers, Windsor Great Park, UK, July 31 - August 3},
	doi = {10.1142/9781783265091\_0010},
	editor = {Stephen H. Muggleton and Hiroaki Watanabe},
	pages = {79--86},
	publisher = {Imperial College Press / World Scientific},
	timestamp = {Sat, 19 Oct 2019 20:26:46 +0200},
	title = {The {PITA} System for Logical-Probabilistic Inference},
	_url = {https://doi.org/10.1142/9781783265091\_0010},
	year = 2011,
	Bdsk-Url-1 = {https://doi.org/10.1142/9781783265091%5C_0010}}

@article{akers1978binary,
	author = {Akers, Sheldon B.},
	journal = {IEEE Transactions on computers},
	number = 6,
	pages = {509--516},
	publisher = {IEEE Computer Society},
	title = {Binary decision diagrams},
	volume = 27,
    doi       = {10.1109/TC.1978.1675141},
	year = 1978}

@inproceedings{clarke1995hybrid,
	author = {Clarke, Edmund M and Fujita, Masahiro and Zhao, Xudong},
	booktitle = {Proceedings of IEEE International Conference on Computer Aided Design (ICCAD)},
	organization = {IEEE},
	pages = {159--163},
	title = {Hybrid decision diagrams. Overcoming the limitations of MTBDDs and BMDs},
    doi = {10.1109/ICCAD.1995.480007},
	year = 1995}

@inproceedings{lovato-2014,
	author = {Alberto Lovato and Damiano Macedonio and Fausto Spoto},
	bibsource = {dblp computer science bibliography, https://dblp.org},
	biburl = {https://dblp.org/rec/conf/sefm/LovatoMS14.bib},
	booktitle = {Software Engineering and Formal Methods - 12th International Conference, {SEFM} 2014, Grenoble, France, September 1-5},
	doi = {10.1007/978-3-319-10431-7\_4},
	editor = {Dimitra Giannakopoulou and Gwen Sala{\"{u}}n},
	pages = {35--49},
	publisher = {Springer},
	series = {Lecture Notes in Computer Science},
	timestamp = {Tue, 14 May 2019 10:00:54 +0200},
	title = {A Thread-Safe Library for Binary Decision Diagrams},
	_url = {https://doi.org/10.1007/978-3-319-10431-7\_4},
	volume = 8702,
	year = 2014,
	Bdsk-Url-1 = {https://doi.org/10.1007/978-3-319-10431-7%5C_4}}

@incollection{denti-2001,
	author = {Denti, Enrico and Omicini, Andrea and Ricci, Alessandro},
	booktitle = {Practical Aspects of Declarative Languages},
	doi = {10.1007/3-540-45241-9_13},
	editor = {Ramakrishnan, I.V.},
	isbn = {978-3-540-41768-2},
	isbn-10 = {3-540-41768-0},
	issn = {0302-9743},
	issn-online = {1611-3349},
	note = {3rd International Symposium (PADL 2001), Las Vegas, NV, USA, 11--12~} # mar # {~2001. Proceedings},
	pages = {184--198},
	publisher = {Springer Berlin Heidelberg},
	series = {Lecture Notes in Computer Science},
	title = {{{\sf tu}Prolog}: A Light-weight {P}rolog for {I}nternet Applications and Infrastructures},
	_url = {http://link.springer.com/10.1007/3-540-45241-9_13},
	volume = 1990,
	year = 2001,
	Bdsk-Url-1 = {http://link.springer.com/10.1007/3-540-45241-9_13},
	Bdsk-Url-2 = {https://doi.org/10.1007/3-540-45241-9_13}}

@article{poole-1993,
	author = {David Poole},
	bibsource = {dblp computer science bibliography, https://dblp.org},
	biburl = {https://dblp.org/rec/journals/ai/Poole93.bib},
	doi = {10.1016/0004-3702(93)90061-F},
	journal = {Artif. Intell.},
	number = {1},
	pages = {81--129},
	timestamp = {Wed, 14 Nov 2018 10:50:00 +0100},
	title = {Probabilistic Horn Abduction and Bayesian Networks},
	_url = {https://doi.org/10.1016/0004-3702(93)90061-F},
	volume = 64,
	year = 1993}

@inproceedings{vlasselaer2014compiling,
	author = {Vlasselaer, Jonas and Renkens, Joris and Van den Broeck, Guy and De Raedt, Luc},
	booktitle = {Proceedings Workshop on Probabilistic Logic Programming (PLP)},
	pages = {1--10},
	title = {Compiling probabilistic logic programs into sentential decision diagrams},
	year = 2014}

@inproceedings{oortwijn2017distributed,
	author = {Oortwijn, Wytse and Dijk, Tom van and Pol, Jaco van de},
	booktitle = {Proceedings of the 24th ACM SIGSOFT International SPIN Symposium on Model Checking of Software},
	pages = {21--30},
	title = {Distributed binary decision diagrams for symbolic reachability},
    doi       = {10.1145/3092282.3092284},
	year = 2017}

@article{de2015probabilistic,
	author = {De Raedt, Luc and Kimmig, Angelika},
	journal = {Machine Learning},
	number = 1,
	pages = {5--47},
	publisher = {Springer},
	title = {Probabilistic (logic) programming concepts},
	volume = 100,
    doi       = {10.1007/s10994-015-5494-z},
	year = 2015}

@article{bellodi2013expectation,
	author = {Bellodi, Elena and Riguzzi, Fabrizio},
	journal = {Intelligent Data Analysis},
	number = 2,
	pages = {343--363},
	publisher = {IOS Press},
	title = {Expectation Maximization over binary decision diagrams for probabilistic logic programs},
	volume = 17,
    doi       = {10.3233/IDA-130582},
	year = 2013}

@article{fierens-2015,
	author = {Daan Fierens and Guy Van den Broeck and Joris Renkens and Dimitar Sht. Shterionov and Bernd Gutmann and Ingo Thon and Gerda Janssens and Luc De Raedt},
	doi = {10.1017/S1471068414000076},
	journal = {Theory and Practice of Logic Programming},
	number = 3,
	pages = {358--401},
	timestamp = {Mon, 26 Oct 2020 08:22:48 +0100},
	title = {Inference and learning in probabilistic logic programs using weighted Boolean formulas},
	_url = {https://doi.org/10.1017/S1471068414000076},
	volume = 15,
	year = 2015}

@article{bryant-1986,
	author = {Randal E. Bryant},
	doi = {10.1109/TC.1986.1676819},
	journal = {{IEEE} Trans. Computers},
	number = 8,
	pages = {677--691},
	title = {Graph-Based Algorithms for Boolean Function Manipulation},
	_url = {https://doi.org/10.1109/TC.1986.1676819},
	volume = 35,
	year = 1986}

@article{gansner-00,
	author = {Emden R. Gansner and Stephen C. North},
	journal = {SoftwareE - Practice and Experience},
	number = {11},
	pages = {1203--1233},
	title = {An open graph visualization system and its applications to software engineering},
	volume = 30,
    doi       = {10.1002/1097-024X(200009)30:11\%3C1203::AID-SPE338\%3E3.0.CO;2-N},
	year = 2000}

@misc{somenzi-cudd,
	author = {Fabio Somenzi},
	howpublished = {\url{https://vlsi.colorado.edu/~fabio/}},
	title = {{CUDD}: CU Decision Diagram Package}}

@misc{cohen-buddy,
	author = {Haim Cohen and John Whaley and Jorn Wildt and Nikos Gorogiannis},
	howpublished = {\url{https://sourceforge.net/p/buddy/}},
	title = {{BuDDy}}}

@misc{vahidi-jdd,
	author = {Arash Vahidi},
	howpublished = {\url{https://bitbucket.org/vahidi/jdd}},
	title = {{JDD}: a pure Java BDD and Z-BDD library},
	year = 2003}

@misc{kotlin-site,
	author = {JetBrains},
	howpublished = {\url{https://kotlinlang.org/}},
	title = {{Kotlin} Programming Language}}

@misc{problog-site,
	author = {KU Leuven - DTAI Research Group},
	howpublished = {\url{https://dtai.cs.kuleuven.be/problog/index.html}},
	title = {{ProbLog} - Probabilistic Programming}}

@incollection{ortega2021symbolic,
	author = {Ortega, Alfonso and Fierrez, Julian and Morales, Aythami and Wang, Zilong and Ribeiro, Tony},
	booktitle = {IEEE/CVF Winter Conference on Applications of Computer Vision (WACV)},
	pages = {78--87},
	publisher = {IEEE},
	title = {Symbolic AI for XAI: Evaluating LFIT Inductive Programming for Fair and Explainable Automatic Recruitment},
    doi       = {10.1109/WACVW52041.2021.00013},
	year = 2021}

@article{logictech-information11,
	articleno = 167,
	author = {Calegari, Roberta and Ciatto, Giovanni and Denti, Enrico and Omicini, Andrea},
	doi = {10.3390/info11030167},
	editor = {Susilo, Willy},
	irisid = {11585/752671},
	issn = {2078-2489},
	journal = {Information},
	keywords = {symbolic AI; logic-based technologies; intelligent systems},
	month = mar,
	note = {Special Issue ``10th Anniversary of Information---Emerging Research Challenges''},
	number = 3,
	pages = {1--29},
	publisher = {MDPI},
	scholarid = {15744297419438793629},
	scopusid = {2-s2.0-85082507008},
	title = {Logic-based Technologies for Intelligent Systems: State of the Art and Perspectives},
	_url = {http://www.mdpi.com/2078-2489/11/3/167},
	volume = 11,
	wosid = {000524309400026},
	year = 2020,
	Bdsk-Url-1 = {http://www.mdpi.com/2078-2489/11/3/167},
	Bdsk-Url-2 = {https://doi.org/10.3390/info11030167}}

@incollection{xaiethics-aiia2020,
	author = {Calegari, Roberta and Omicini, Andrea and Sartor, Giovanni},
	booktitle = {AIxIA 2020 -- Advances in Artificial Intelligence},
	doi = {10.1007/978-3-030-73065-9\_2},
	editor = {Baldoni, Matteo and Bandini, Stefania},
	isbn = {978-3-030-77090-7},
	issn = {0302-9743},
	keywords = {Explainable AI; Ethical AI; Argumentation; Logic programming; Abduction; Probabilistic LP; Inductive LP},
	pages = {19--36},
	publisher = {Springer Nature},
	series = {Lecture Notes in Computer Science},
	title = {Explainable and Ethical {AI}: A Perspective on Argumentation and Logic Programming},
	_url = {http://link.springer.com/10.1007/978-3-030-77091-4\_2},
	volume = 12414,
	year = 2021,
	Bdsk-Url-1 = {http://link.springer.com/10.1007/978-3-030-77091-4%5C_2},
	Bdsk-Url-2 = {https://doi.org/10.1007/978-3-030-73065-9%5C_2}}

@book{perez2017deep,
	author = {Perez, Carlos},
	publisher = {Lulu.com},
	title = {The deep learning AI playbook},
	year = 2017}

@article{xaisurvey-ia14,
	author = {Calegari, Roberta and Ciatto, Giovanni and Omicini, Andrea},
	booktitle = {Special Issue for the Twentieth Edition of the Workshop `From Objects to Agents'},
	doi = {10.3233/IA-190036},
	editor = {Baldoni, Matteo and Bergenti, Federico and Monica, Stefania and Vizzari, Giuseppe},
	irisid = {11585/772707},
	journal = {Intelligenza Artificiale},
	keywords = {XAI, symbolic and sub-symbolic AI, explainability, interpretability, trustable system},
	number = 1,
	pages = {7--32},
	publisher = {IOS Press},
	scopusid = {2-s2.0-85092388493},
	title = {On the integration of symbolic and sub-symbolic techniques for {XAI}: A survey},
	_url = {http://content.iospress.com/articles/intelligenza-artificiale/ia190036},
	volume = 14,
	wosid = {000574865700002},
	year = 2020,
	Bdsk-Url-1 = {http://content.iospress.com/articles/intelligenza-artificiale/ia190036},
	Bdsk-Url-2 = {https://doi.org/10.3233/IA-190036}}

@inproceedings{kotlindsi4prolog-woa2020,
	address = {Aachen, Germany},
	author = {Ciatto, Giovanni and Calegari, Roberta and Siboni, Enrico and Denti, Enrico and Omicini, Andrea},
	booktitle = {WOA 2020 -- 21th Workshop ``From Objects to Agents''},
	editor = {Calegari, Roberta and Ciatto, Giovanni and Denti, Enrico and Omicini, Andrea and Sartor, Giovanni},
	iris-id = {11585/781391},
	keywords = {object-oriented program-ming, multi-paradigm languages, domain-specific languages, Kotlin},
	location = {Bologna, Italy},
	month = oct,
	note = {21st Workshop ``From Objects to Agents'' (WOA 2020), Bologna, Italy, 14--16~} # sep # {~2020. Proceedings},
	pages = {219--236},
	publisher = {Sun SITE Central Europe, RWTH Aachen University},
	scopus-id = {2-s2.0-85095597762},
	series = {CEUR Workshop Proceedings},
	subseries = {AI*IA Series},
	title = {{\sc {2P-Kt}}: logic programming with objects \& functions in {K}otlin},
	url = {http://ceur-ws.org/Vol-2706/paper14.pdf},
	url-pdf = {http://ceur-ws.org/Vol-2706/paper14.pdf},
	volume = 2706,
	year = 2020,
	Bdsk-Url-1 = {http://ceur-ws.org/Vol-2706/paper14.pdf}}

@article{niu2012elementary,
	author = {Niu, Feng and Zhang, Ce and R{\'e}, Christopher and Shavlik, Jude},
	journal = {International Journal on Semantic Web and Information Systems (IJSWIS)},
	number = 3,
	pages = {42--73},
	publisher = {IGI Global},
	title = {Elementary: Large-scale knowledge-base construction via machine learning and statistical inference},
	volume = 8,
	year = 2012}

@article{2p-alpnews2013,
	Author = {Denti, Enrico and Omicini, Andrea and Calegari, Roberta},
	Journal = {ALP Newsletter},
	Month = oct,
	Publisher = {Association for Logic Programming},
	Title = {{\textsf{tu}Prolog}: Making {P}rolog Ubiquitous},
	Url = {http://www.cs.nmsu.edu/ALP/2013/10/tuprolog-making-prolog-ubiquitous/},
	Year = 2013}

@incollection{2pkt-jelia2021,
	author = {Ciatto, Giovanni and Calegari, Roberta and Omicini, Andrea},
	booktitle = {Logics in Artificial Intelligence},
	doi = {10.1007/978-3-030-75775-5\_27},
	editor = {Faber, Wolfgang and Friedrich, Gerhard and Gebser, Martin and Morak, Michael},
	keywords = {Prolog; Stream processing; 2P-Kt; State machine},
	note = {17th European Conference, JELIA 2021, Virtual Event, May 17--20, 2021, Proceedings},
	pages = {407--420},
	publisher = {Springer},
	series = {Lecture Notes in Computer Science},
	subseries = {Lecture Notes in Artificial Intelligence},
	title = {Lazy Stream Manipulation in {P}rolog via Backtracking: The Case of {\sc 2P-Kt}},
	_url = {http://link.springer.com/10.1007/978-3-030-75775-5\_27},
	volume = 12678,
	year = 2021,
	Bdsk-Url-1 = {http://link.springer.com/10.1007/978-3-030-75775-5%5C_27},
	Bdsk-Url-2 = {https://doi.org/10.1007/978-3-030-75775-5%5C_27}}

@article{lptech4mas-jaamas35,
	articleno = 1,
	author = {Calegari, Roberta and Ciatto, Giovanni and Mascardi, Viviana and Omicini, Andrea},
	doi = {10.1007/s10458-020-09478-3},
	editor = {Bergenti, Federico and Baldoni, Matteo and Winikoff, Michael and Seghrouchni, Amal El Fallah},
	irisid = {11585/775368},
	issn = {1387-2532},
	issn-online = {1573-7454},
	journal = {Autonomous Agents and Multi-Agent Systems},
	keywords = {SLR; Logic-based Technologies; MAS},
	note = {Collection ``Current Trends in Research on Software Agents and Agent-Based Software Development''},
	number = 1,
	pages = {1:1--1:67},
	publonsid = {34852575},
	scholarid = {3394967429087589940},
	scopusid = {2-s2.0-85092892414},
	semanticscholarid = {225142049},
	title = {Logic-based Technologies for Multi-agent Systems: A Systematic Literature Review},
	_url = {http://link.springer.com/10.1007/s10458-020-09478-3},
	url-pdf = {https://link.springer.com/content/pdf/10.1007/s10458-020-09478-3.pdf},
	volume = 35,
	wosid = {000579434600001},
	year = 2021,
	Bdsk-Url-1 = {http://link.springer.com/10.1007/s10458-020-09478-3},
	Bdsk-Url-2 = {https://doi.org/10.1007/s10458-020-09478-3}}
